@book{convexanalysis,
    author =       "R. T. Rockafellar",
    title =        "Convex Analysis.",
    journal =      "Princeton University Press",
    volume =       "",
    number =       "",
    pages =        "",
    year =         "1970."
}

@article{ADMM,
	author =       "S. Boyd, N. Parikh, E. Chu, B. Peleato, and J. Eckstein",
	title =        "Distributed Optimization and Statistical Learning via the Alternating Direction Method of Multipliers",
	journal =      "Foundations and Trends in Machine Learning",
	year =         "2010."
}

 
@misc{voting,
    author    = "govTrack",
    title     = "Voting Records",
    url       = "https://www.govtrack.us/congress/votes"
}